% This file was created with Citavi 6.11.0.0

@article{Transubstantiation,
 author = {{Thomas Equinous, Friar Berengar of Slapton and and G{\"u}nther Schlonk}},
 year = {2022},
 title = {Turning Wine into Blood: A Mechanistic Study of the Transubstantiation Reaction},
 keywords = {Chemistry; Parody; Satire; Science},
 url = {https://jabde.com/2022/04/15/transubstantiation/},
 number = {2},
 journal = {Journal of Immaterial Science}
}


